@phdthesis{mpmThesis,
  title={Measurement of the neutron beta decay asymmetry using ultracold neutrons},
  author={Mendenhall, Michael Praetorius},
  year={2014},
  school={California Institute of Technology}
}

@article{plaster2012`,
  title={Measurement of the neutron $\beta$-asymmetry parameter A 0 with ultracold neutrons},
  author={Plaster, Bg and Rios, R and Back, HO and Bowles, TJ and Broussard, LJ and Carr, R and Clayton, S and Currie, S and Filippone, BW and Garc{\'\i}a, A and others},
  journal={Physical Review C},
  volume={86},
  number={5},
  pages={055501},
  year={2012},
  publisher={APS}
}

%arXiv:0908.0130v5
@article{casadei2009efficiency,
  title={Efficiency measurement: a Bayesian approach},
  author={Casadei, Diego},
  journal={ArXiv e-prints},
  year={2009}
}

@article{jackson1957,
  title={Possible tests of time reversal invariance in beta decay},
  author={Jackson, JD and Treiman, SB and Wyld Jr, HW},
  journal={Physical Review},
  volume={106},
  number={3},
  pages={517},
  year={1957},
  publisher={APS}
}

@article{hickerson2017,
  title={First direct constraints on Fierz interference in free-neutron $\beta$ decay},
  author={Hickerson, KP and Sun, X and Bagdasarova, Y and Bravo-Bergu{\~n}o, D and Broussard, LJ and Brown, MA-P and Carr, R and Currie, S and Ding, X and Filippone, BW and others},
  journal={Physical Review C},
  volume={96},
  number={4},
  pages={042501},
  year={2017},
  publisher={APS}
}

@article{marciano2006,
  title={Improved Calculation of Electroweak Radiative Corrections and the Value of $V_{ud}$},
  author={Marciano, William J and Sirlin, Alberto},
  journal={Physical review letters},
  volume={96},
  number={3},
  pages={032002},
  year={2006},
  publisher={APS}
}


@article{mendenhall2013,
  title={Precision measurement of the neutron $\beta$-decay asymmetry},
  author={Mendenhall, MP and Pattie Jr, RW and Bagdasarova, Y and Berguno, DB and Broussard, LJ and Carr, R and Currie, S and Ding, X and Filippone, BW and Garc{\'\i}a, A and others},
  journal={Physical Review C},
  volume={87},
  number={3},
  pages={032501},
  year={2013},
  publisher={APS}
}

@article{ARYoungPol,
  title={Super-ratio with explicit spin-up and spin-down polarizations},
  author={A. R. Young},
  journal={Private Communication}
  year={2017}
}

